
@article{Park.2006,
 author = {Park, K.-J.},
 year = {2006},
 title = {Fourier-based Optimal Excitation Trajectories for the Dynamic Identification of Robots},
 journal = {Robotica}
}

@article{Swevers.1997,
 author = {Swevers, J. and Ganseman, C. and Tukel, D. B. and de Schutter, J. and {van Brussel}, H.},
 year = {1997},
 title = {Optimal robot excitation and identification},
 pages = {730--740},
 volume = {13},
 number = {5},
 issn = {1042296X},
 journal = {IEEE Transactions on Robotics and Automation},
 doi = {10.1109/70.631234}
}

@article{Goutier.2012,
 author = {Gautier, M. and Briot, S.},
 year = {2012},
 title = {Global Identification of Robot Drive Gains Parameters Using a Known Payload and Weighted Total Least Square Techniques},
 journal = {16th IFAC Symposium on System Identification}
}

@article{Goutier.2014,
 author = {Gautier, M. and Jubien, S.},
 year = {2014},
 title = {Force calibration of KUKA LWR-like robots including embedded joint torque sensors and robot structure},
 journal = {IEEE/RSJ International Conference on Intelligent Robots and Systems}
}

@article{Wernholt.2006,
 author = {Wernholt, E. and Gunnersson, S.},
 year = {2006},
 title = {Nonlinear Identification of a Physically Parameterized Robot Model},
 journal = {14th IFAC Symposium on System Identification, Newcastle, Australia}
}

@article{Khalil.2007,
 author = {Khalil, W. and Gautier, M. and Lemoine, P.},
 year = {2007},
 title = {Identification of the payload inertial parameters of industrial manipulators},
 journal = {IEEE International Conference on Robotics and Automation}
}

@book{Khalil.2006,
 author = {Khalil, Wisama and Dombre, Etienne},
 year = {2004},
 title = {Modeling, identification {\&} control of robots},
 address = {London},
 publisher = {{Kogan Page Science}},
 isbn = {9781903996669},
}

@inproceedings{Gautier.2013,
 author = {Gautier, Maxime and Venture, Gentiane},
 title = {Identification of standard dynamic parameters of robots with positive definite inertia matrix},
 pages = {5815--5820},
 publisher = {IEEE},
 isbn = {978-1-4673-6358-7},
 booktitle = {IEEE/RSJ International Conference on Intelligent Robots and Systems},
 year = {2013},
 address = {Tokyo, Japan},
 doi = {10.1109/IROS.2013.6697198},
 file = {http://ieeexplore.ieee.org/document/6697198/}
}


@inproceedings{M.Gautier.1995,
 author = {{M. Gautier} and {W. Khalil} and {P. P. Restrepo}},
 title = {Identification of the dynamic parameters of a closed loop robot},
 pages = {3045-3050 vol.3},
 isbn = {1050-4729},
 year = {1995},
 booktitle = {IEEE International Conference on Robotics and Automation},
 doi = {10.1109/ROBOT.1995.525717}
}

@inproceedings{V.Bargsten.2013,
 author = {{V. Bargsten} and {P. Zometa} and {R. Findeisen}},
 title = {Modeling, parameter identification and model-based control of a lightweight robotic manipulator},
 pages = {134--139},
 isbn = {1085-1992},
 booktitle = {IEEE International Conference on Control Applications},
 year = {2013},
 doi = {10.1109/CCA.2013.6662756}
}

@inproceedings{Bona.2005,
 author = {Bona, B. and Curatella, A.},
 title = {Identification of Industrial Robot Parameters for Advanced Model-Based Controllers Design},
 pages = {1681--1686},
 publisher = {IEEE},
 isbn = {0-7803-8914-X},
 booktitle = {IEEE International Conference on Robotics and Automation},
 year = {2005},
 address = {Barcelona, Spain},
 doi = {10.1109/ROBOT.2005.1570355},
 file = {http://ieeexplore.ieee.org/document/1570355/}
}

@article{Kostic.2004,
 author = {Kostic, D. and de Jager, B. and Steinbuch, M. and Hensen, R.},
 year = {2004},
 title = {Modeling and Identification for High-Performance Robot Control: An {RRR}-Robotic Arm Case Study},
 pages = {904--919},
 volume = {12},
 number = {6},
 issn = {1063-6536},
 journal = {IEEE Transactions on Control Systems Technology},
 doi = {10.1109/TCST.2004.833641}
}

@article{Olsen.2002,
 author = {Olsen, Martin M. and Swevers, Jan and Verdonck, Walter},
 year = {2002},
 title = {Maximum Likelihood Identification of a Dynamic Robot Model: Implementation Issues},
 pages = {89--96},
 volume = {21},
 number = {2},
 issn = {0278-3649},
 journal = {The International Journal of Robotics Research},
 doi = {10.1177/027836402760475379}
}

@inproceedings{Sun.2008,
 author = {Sun, Yu and Hollerbach, John M.},
 title = {Observability index selection for robot calibration},
 pages = {831--836},
 publisher = {IEEE},
 isbn = {978-1-4244-1646-2},
 booktitle = {IEEE International Conference on Robotics and Automation, 2008},
 year = {2008},
 address = {Pasadena, CA, USA},
 doi = {10.1109/ROBOT.2008.4543308},
 file = {http://ieeexplore.ieee.org/document/4543308/}
}

@incollection{Stueckelmaier.,
 author = {Stückelmaier, Peter and Grotjahn, Martin and Fräger, Carsten},
 title = {Identification of the Inverse Dynamics of a Serial Robot for Robot Drive Control},
 url = {https://ieeexplore.ieee.org/document/7348500},
 urldate = {06/2020},
 pages = {157--164},
 year = {2015},
 booktitle = {IKMT; 10. ETG/GMM-Symposium Innovative small Drives and Micro-Motor Systems}
}

@article{Brun2001,
  title={Practical identifiability analysis of large environmental simulation models},
  author={Brun, R. and Reichert, P. and K{\"u}nsch, H. R.},
  journal={Water Resources Research},
  volume={37},
  number={4},
  pages={1015--1030},
  year={2001},
  publisher={Wiley Online Library}
}

@article{Akinniyi2017,
  title={The Farrar-Glaubar Approach in Testing for Multicollinearity in Economic data},
  author={Akinniyi, A. J. and Sanni, E. A.},
  journal={International Journal For Research In Business, Management And Accounting},
  volume={3},
  number={5},
  pages={01--17},
  year={2017}
}

@article{Volinsky1997,
  doi = {10.1111/1467-9876.00082},
  year = {1997},
  month = jan,
  publisher = {Wiley},
  volume = {46},
  number = {4},
  pages = {433--448},
  author = {Chris T. Volinsky and David Madigan and Adrian E. Raftery and Richard A. Kronmal},
  title = {Bayesian Model Averaging in Proportional Hazard Models: Assessing the Risk of a Stroke},
  journal = {Journal of the Royal Statistical Society: Series C (Applied Statistics)}
}

